@article{chen2017rethinking,
  author    = {Liang{-}Chieh Chen and
               George Papandreou and
               Florian Schroff and
               Hartwig Adam},
  title     = {Rethinking Atrous Convolution for Semantic Image Segmentation},
  journal   = {CoRR},
  volume    = {abs/1706.05587},
  year      = {2017},
  url       = {http://arxiv.org/abs/1706.05587},
  archivePrefix = {arXiv},
  eprint    = {1706.05587},
  timestamp = {Mon, 13 Aug 2018 16:48:07 +0200},
  biburl    = {https://dblp.org/rec/bib/journals/corr/ChenPSA17},
  bibsource = {dblp computer science bibliography, https://dblp.org}
}

@article{chen2018learning,
  author    = {Yuhua Chen and
               Wen Li and
               Xiaoran Chen and
               Luc Van Gool},
  title     = {Learning Semantic Segmentation from Synthetic Data: {A} Geometrically
               Guided Input-Output Adaptation Approach},
  journal   = {CoRR},
  volume    = {abs/1812.05040},
  year      = {2018},
  url       = {http://arxiv.org/abs/1812.05040},
  archivePrefix = {arXiv},
  eprint    = {1812.05040},
  timestamp = {Tue, 01 Jan 2019 15:01:25 +0100},
  biburl    = {https://dblp.org/rec/bib/journals/corr/abs-1812-05040},
  bibsource = {dblp computer science bibliography, https://dblp.org}
}

@article{gaidon2016virtual,
  author    = {Adrien Gaidon and
               Qiao Wang and
               Yohann Cabon and
               Eleonora Vig},
  title     = {Virtual Worlds as Proxy for Multi-Object Tracking Analysis},
  journal   = {CoRR},
  volume    = {abs/1605.06457},
  year      = {2016},
  url       = {http://arxiv.org/abs/1605.06457},
  archivePrefix = {arXiv},
  eprint    = {1605.06457},
  timestamp = {Mon, 13 Aug 2018 16:46:04 +0200},
  biburl    = {https://dblp.org/rec/bib/journals/corr/GaidonWCV16},
  bibsource = {dblp computer science bibliography, https://dblp.org}
}